
@Article{Schneider:1977,
author    = {Schneider, W. and Shiffrin, R.M. },
title     = {Controlled and automatic human information processing: I. Detection, search, and attention.},
journal   = {Psychological Review},
year      = 1977,
OPTvolume    = {84},
OPTpages     = {1--66}
}
@Article{Yin:2006,
  author =       { Yin, H.H. and Knowlton, B. J.  },
  title =        { The role of the basal ganglia in habit formation },
  journal =      { Nature Reviews Neuroscience},
  year =         { 2006 },
  OPTvolume    = {7},
  OPTpages     = {465--476}
}

@Article{Seger:2011,
  author =       {Seger, C.A. and Spiering, B. J.  },
  title =        { A critical review of habit learning and the basal ganglia },
  journal =      {Frontiers in Systems Neuroscience},
  year =         { 2011 },
  OPTvolume =       { 5 },
  OPTpages     = {1--9}
}


@Article{Guthrie:2013,
  author =       { Guthrie, M.  and Leblois, A. and Garenne, A.  and Boraud, T. },
  title =        { Interaction between cognitive and motor cortico-basal ganglia
                   loops during decision making: a computational study },
  journal =      { Journal of Neurophysiology },
  year =         { 2013 },
  OPTvolume =       { 109 },
  OPTpages =        { 3025--3040 }
}

@Article{Mink:1996,
  author =       { Mink, J.},
  title =        { The basal ganglia: focused selection and inhibition of competing motor programs. },
  journal =      { Progress in Neurobiology },
  year =         { 1996 },
  OPTvolume =       { 50 },
  OPTpages =        {381--425 }
}

@Article{Piron:2015,
  author =       {Piron, C. and Kase, D. and Goillandeau, M. and Boraud, T. },
  title =        { Inactivation of the basal ganglia impairs procedural learning but not habitual behavior. },
  year =         { Unpublished }
}
